@book{basicprooftheory,
	title={Basic proof theory},
	author={Troelstra, Anne Sjerp and Schwichtenberg, Helmut},
	number={43},
	year={2000},
	publisher={Cambridge University Press}
}

@inproceedings{vampire,
	title={First-order theorem proving and Vampire},
	author={Kov{\'a}cs, Laura and Voronkov, Andrei},
	booktitle={International Conference on Computer Aided Verification},
	pages={1--35},
	year={2013},
	organization={Springer}
}

@article{barr1985toposes,
	title={Toposes, triples and theories},
	author={Barr, Michael},
	journal={Grundlehren der mathematischen Wissenschaften},
	volume={278},
	year={1985},
	publisher={Springer-Verlag}
}

@article{sketches,
	title={Sketches for arithmetic universes},
	author={Vickers, Steven},
	journal={arXiv preprint arXiv:1608.01559},
	year={2016}
}

@book{barr1990category,
	title={Category theory for computing science},
	author={Barr, Michael and Wells, Charles},
	volume={1},
	year={1990},
	publisher={Prentice Hall New York}
}

@article{kreitz1999connection,
  title={Connection-based Theorem Proving in Classical and Non-classical Logics.},
  author={Kreitz, Christoph and Otten, Jens},
  publisher={Citeseer}
}

@inproceedings{pluska2023embedding,
  title={Embedding Intuitionistic into Classical Logic},
  author={Pluska, Alexander and Zuleger, Florian},
  booktitle={Proceedings of 24th International Conference on Logic},
  volume={94},
  pages={329--349},
  year={2023}
}

@article{hunt2017industrial,
  title={Industrial hardware and software verification with ACL2},
  author={Hunt Jr, Warren A and Kaufmann, Matt and Moore, J Strother and Slobodova, Anna},
  journal={Philosophical Transactions of the Royal Society A: Mathematical, Physical and Engineering Sciences},
  volume={375},
  number={2104},
  pages={20150399},
  year={2017},
  publisher={The Royal Society Publishing}
}

@article{woodcock2009formal,
  title={Formal methods: Practice and experience},
  author={Woodcock, Jim and Larsen, Peter Gorm and Bicarregui, Juan and Fitzgerald, John},
  journal={ACM computing surveys (CSUR)},
  volume={41},
  number={4},
  pages={1--36},
  year={2009},
  publisher={ACM New York, NY, USA}
}

@incollection{hasan2015formal,
  title={Formal verification methods},
  author={Hasan, Osman and Tahar, Sofiene},
  booktitle={Encyclopedia of Information Science and Technology, Third Edition},
  pages={7162--7170},
  year={2015},
  publisher={IGI global}
}

@inproceedings{aagaard1993verifying,
  title={Verifying a logic synthesis tool in Nuprl: A case study in software verification},
  author={Aagaard, Mark and Leeser, Miriam},
  booktitle={Computer Aided Verification: Fourth International Workshop, CAV'92 Montreal, Canada, June 29--July 1, 1992 Proceedings 4},
  pages={69--81},
  year={1993},
  organization={Springer}
}

@article{ranise2003applying,
  title={Applying light-weight theorem proving to debugging and verifying pointer programs},
  author={Ranise, Silvio and D{\'e}harbe, David},
  journal={Electronic Notes in Theoretical Computer Science},
  volume={86},
  number={1},
  pages={105--119},
  year={2003},
  publisher={Elsevier}
}

@inproceedings{hales2017formal,
  title={A formal proof of the Kepler conjecture},
  author={Hales, Thomas and Adams, Mark and Bauer, Gertrud and Dang, Tat Dat and Harrison, John and Le Truong, Hoang and Kaliszyk, Cezary and Magron, Victor and McLaughlin, Sean and Nguyen, Tat Thang and others},
  booktitle={Forum of mathematics, Pi},
  volume={5},
  pages={e2},
  year={2017},
  organization={Cambridge University Press}
}

@inproceedings{buzzard2020formalising,
  title={Formalising perfectoid spaces},
  author={Buzzard, Kevin and Commelin, Johan and Massot, Patrick},
  booktitle={Proceedings of the 9th ACM SIGPLAN International Conference on Certified Programs and Proofs},
  pages={299--312},
  year={2020}
}

@article{dahmen2019formalizing,
  title={Formalizing the solution to the cap set problem},
  author={Dahmen, Sander R and H{\"o}lzl, Johannes and Lewis, Robert Y},
  journal={arXiv preprint arXiv:1907.01449},
  year={2019}
}

@article{gouezel2019corrected,
  title={A corrected quantitative version of the Morse lemma},
  author={Gou{\"e}zel, S{\'e}bastien and Shchur, Vladimir},
  journal={Journal of Functional Analysis},
  volume={277},
  number={4},
  pages={1258--1268},
  year={2019},
  publisher={Elsevier}
}

@misc{balyo2022sat,
  title={SAT COMPETITION 2022},
  author={Balyo, Tom{\'a}s and Heule, Marijn JH and Iser, Markus and J{\"a}rvisalo, Matti and Suda, Martin},
  year={2022}
}

@article{weber2019smt,
  title={The SMT competition 2015--2018},
  author={Weber, Tjark and Conchon, Sylvain and D{\'e}harbe, David and Heizmann, Matthias and Niemetz, Aina and Reger, Giles},
  journal={Journal on Satisfiability, Boolean Modeling and Computation},
  volume={11},
  number={1},
  pages={221--259},
  year={2019},
  publisher={IOS Press}
}

@Article{Sut16,
    Author       = "Sutcliffe, G.",
    Year         = "2016",
    Title        = "{The CADE ATP System Competition - CASC}",
    Journal      = "AI Magazine",
    Volume       = "37",
    Number       = "2",
    Pages        = "99-101",
    Comment      = "TPTPCite"
}

@book{bertot2013interactive,
  title={Interactive theorem proving and program development: Coqâ€™Art: the calculus of inductive constructions},
  author={Bertot, Yves and Cast{\'e}ran, Pierre},
  year={2013},
  publisher={Springer Science \& Business Media}
}

@inproceedings{moura2021lean,
  title={The lean 4 theorem prover and programming language},
  author={Moura, Leonardo de and Ullrich, Sebastian},
  booktitle={Automated Deduction--CADE 28: 28th International Conference on Automated Deduction, Virtual Event, July 12--15, 2021, Proceedings 28},
  pages={625--635},
  year={2021},
  organization={Springer}
}

@inproceedings{blanchette2011automatic,
  title={Automatic proof and disproof in Isabelle/HOL},
  author={Blanchette, Jasmin Christian and Bulwahn, Lukas and Nipkow, Tobias},
  booktitle={Frontiers of Combining Systems: 8th International Symposium, FroCoS 2011, Saarbr{\"u}cken, Germany, October 5-7, 2011. Proceedings 8},
  pages={12--27},
  year={2011},
  organization={Springer}
}

@misc{tao2023,
  author       = {Tao, Terence},
  url		       = {https://mathstodon.xyz/@tao/111287749336059662},
  note         = {Accessed: 2023-11-25}
}

@misc{paulin2015introduction,
  title={Introduction to the calculus of inductive constructions},
  author={Paulin-Mohring, Christine},
  year={2015},
  publisher={College Publications}
}

@article{jiang2022draft,
  title={Draft, sketch, and prove: Guiding formal theorem provers with informal proofs},
  author={Jiang, Albert Q and Welleck, Sean and Zhou, Jin Peng and Li, Wenda and Liu, Jiacheng and Jamnik, Mateja and Lacroix, Timoth{\'e}e and Wu, Yuhuai and Lample, Guillaume},
  journal={arXiv preprint arXiv:2210.12283},
  year={2022}
}

@inproceedings{jiang2022thor,
 author = {Jiang, Albert Qiaochu and Li, Wenda and Tworkowski, Szymon and Czechowski, Konrad and Odrzyg\'{o}\'{z}d\'{z}, Tomasz and Mi\l o\'{s}, Piotr and Wu, Yuhuai and Jamnik, Mateja},
 booktitle = {Advances in Neural Information Processing Systems},
 editor = {S. Koyejo and S. Mohamed and A. Agarwal and D. Belgrave and K. Cho and A. Oh},
 pages = {8360--8373},
 publisher = {Curran Associates, Inc.},
 title = {Thor: Wielding Hammers to Integrate Language Models and Automated Theorem Provers},
 url = {https://proceedings.neurips.cc/paper_files/paper/2022/file/377c25312668e48f2e531e2f2c422483-Paper-Conference.pdf},
 volume = {35},
 year = {2022}
}

@article{yang2023leandojo,
  title={Leandojo: Theorem proving with retrieval-augmented language models},
  author={Yang, Kaiyu and Swope, Aidan M and Gu, Alex and Chalamala, Rahul and Song, Peiyang and Yu, Shixing and Godil, Saad and Prenger, Ryan and Anandkumar, Anima},
  journal={arXiv preprint arXiv:2306.15626},
  year={2023}
}

@article{polu2020generative,
  title={Generative language modeling for automated theorem proving},
  author={Polu, Stanislas and Sutskever, Ilya},
  journal={arXiv preprint arXiv:2009.03393},
  year={2020}
}

@article{chen2023learning,
  title={Learning To Teach Large Language Models Logical Reasoning},
  author={Chen, Meiqi and Ma, Yubo and Song, Kaitao and Cao, Yixin and Zhang, Yan and Li, Dongsheng},
  journal={arXiv preprint arXiv:2310.09158},
  year={2023}
}

@article{xu2023large,
  title={Are Large Language Models Really Good Logical Reasoners? A Comprehensive Evaluation From Deductive, Inductive and Abductive Views},
  author={Xu, Fangzhi and Lin, Qika and Han, Jiawei and Zhao, Tianzhe and Liu, Jun and Cambria, Erik},
  journal={arXiv preprint arXiv:2306.09841},
  year={2023}
}

@inproceedings{bentkamp2021superposition,
  title={Superposition for Full Higher-order Logic.},
  author={Bentkamp, Alexander and Blanchette, Jasmin and Tourret, Sophie and Vukmirovic, Petar},
  booktitle={CADE},
  pages={396--412},
  year={2021}
}

@article{bentkamp2021lambdas,
  title={Superposition with lambdas},
  author={Bentkamp, Alexander and Blanchette, Jasmin and Tourret, Sophie and Vukmirovi{\'c}, Petar and Waldmann, Uwe},
  journal={Journal of Automated Reasoning},
  volume={65},
  number={7},
  pages={893--940},
  year={2021},
  publisher={Springer}
}

@inproceedings{otten2008leancop,
  title={leanCoP 2.0 and ileanCoP 1.2: high performance lean theorem proving in classical and intuitionistic logic (system descriptions)},
  author={Otten, Jens},
  booktitle={Automated Reasoning: 4th International Joint Conference, IJCAR 2008 Sydney, Australia, August 12-15, 2008 Proceedings 4},
  pages={283--291},
  year={2008},
  organization={Springer}
}

@article{barendregt1991introduction,
  title={Introduction to generalized type systems},
  author={Barendregt, Henk P},
  year={1991}
}

@article{de1995curry,
  title={The curry-howard isomorphism},
  author={De Groote, Philippe},
  year={1995}
}